<?xml version="1.0" encoding="UTF-8"?><record xmlns="http://www.loc.gov/MARC21/slim" xmlns:cinclude="http://apache.org/cocoon/include/1.0" xmlns:zs="http://www.loc.gov/zing/srw/">
  <leader>00618cz  a2200181n  4500</leader>
  <controlfield tag="001">n  86105860 </controlfield>
  <controlfield tag="003">DLC</controlfield>
  <controlfield tag="005">20080409075417.0</controlfield>
  <controlfield tag="008">870911n| acannaabn          |n aaa     c</controlfield>
  <datafield tag="010" ind1=" " ind2=" ">
    <subfield code="a">n  86105860 </subfield>
    <subfield code="z">n  86134726 </subfield>
  </datafield>
  <datafield tag="035" ind1=" " ind2=" ">
    <subfield code="a">(OCoLC)oca01938340</subfield>
  </datafield>
  <datafield tag="040" ind1=" " ind2=" ">
    <subfield code="a">CLU</subfield>
    <subfield code="b">eng</subfield>
    <subfield code="c">DLC</subfield>
    <subfield code="d">DLC</subfield>
    <subfield code="d">OCoLC</subfield>
  </datafield>
  <datafield tag="053" ind1=" " ind2="0">
    <subfield code="a">PH665.S82</subfield>
  </datafield>
  <datafield tag="100" ind1="1" ind2=" ">
    <subfield code="a">Suits, Gustav</subfield>
  </datafield>
  <datafield tag="670" ind1=" " ind2=" ">
    <subfield code="a">His Noor Kreutzwald, 1983:</subfield>
    <subfield code="b">t.p. (Gustav Suits)</subfield>
  </datafield>
  <datafield tag="670" ind1=" " ind2=" ">
    <subfield code="a">OCLC, 5-8-87</subfield>
    <subfield code="b">(hdg.: Suits, Gustav, 1883- )</subfield>
  </datafield>
  <datafield tag="670" ind1=" " ind2=" ">
    <subfield code="a">LC in OCLC, 5-8-87</subfield>
    <subfield code="b">(hdg.: Suits, Gustav)</subfield>
  </datafield>
  <datafield tag="670" ind1=" " ind2=" ">
    <subfield code="a">Oras, A. Estonian literature in exile, 1967:</subfield>
    <subfield code="b">p. 84 (Suits, Gustav, b. 11-30-1883, d. 5-23-56)</subfield>
  </datafield>
</record>